<collection xmlns="http://www.loc.gov/MARC21/slim">
<record>
  <leader>01367nam0a2200265 i 450 </leader>
  <controlfield tag="001">IT\ICCU\CNCE\033318</controlfield>
  <controlfield tag="005">20140410000000.0</controlfield>
  <datafield tag="012" ind1=" " ind2=" ">
    <subfield code="a">o.a. 6.i- i-l- l-ue (S) 1586 (Q)</subfield>
    <subfield code="2">fei</subfield>
  </datafield>
  <datafield tag="100" ind1=" " ind2=" ">
    <subfield code="a">19971218f1586        0itac0103    ba</subfield>
  </datafield>
  <datafield tag="101" ind1=" " ind2=" ">
    <subfield code="a">ITA</subfield>
  </datafield>
  <datafield tag="102" ind1=" " ind2=" ">
    <subfield code="a">IT</subfield>
  </datafield>
  <datafield tag="200" ind1="1" ind2=" ">
    <subfield code="a">Ghirone di sig conti di Valperga, gouernatore della citt,̉ &amp; cittadella di Vercelli, &amp; suo contado,  ̣sia distretto per sua Altezza, &amp; c. Intendendo noi, tuttauia il poco raccolto dell&apos;anno presente ...</subfield>
  </datafield>
  <datafield tag="210" ind1=" " ind2=" ">
    <subfield code="d">\1586?!</subfield>
  </datafield>
  <datafield tag="215" ind1=" " ind2=" ">
    <subfield code="a">1 manifesto; 1/2</subfield>
  </datafield>
  <datafield tag="300" ind1=" " ind2=" ">
    <subfield code="a">Data di emanazione: Vercelli, 29 luglio 1586. - Ordinanza che proibisce l&apos;esportazione di grani. - Stampato probabilmente da Giovanni Francesco Pellipari</subfield>
  </datafield>
  <datafield tag="517" ind1="1" ind2=" ">
    <subfield code="3">IT\ICCU\CNCE\076333</subfield>
    <subfield code="a">Intendendo noi, tuttauia il poco raccolto dell1anno presente ...</subfield>
  </datafield>
  <datafield tag="620" ind1=" " ind2=" ">
    <subfield code="a">IT</subfield>
    <subfield code="d">Vercelli</subfield>
  </datafield>
  <datafield tag="710" ind1="0" ind2="2">
    <subfield code="a">Vercelli</subfield>
    <subfield code="3">7300</subfield>
  </datafield>
  <datafield tag="712" ind1="0" ind2="0">
    <subfield code="a">Pellipari, Giovanni Francesco</subfield>
    <subfield code="3">IT\ICCU\CNCT\001220</subfield>
    <subfield code="4">650</subfield>
  </datafield>
  <datafield tag="790" ind1=" " ind2="0">
    <subfield code="a">Civitas Vercellarum</subfield>
    <subfield code="3">IT\ICCU\CNCA\025051</subfield>
    <subfield code="z">Vercelli</subfield>
  </datafield>
  <datafield tag="791" ind1="0" ind2="0">
    <subfield code="a">Pellipparis, Giovanni Francesco</subfield>
    <subfield code="3">IT\ICCU\CNCT\002473</subfield>
    <subfield code="z">Pellipari, Giovanni Francesco</subfield>
  </datafield>
  <datafield tag="791" ind1="0" ind2="0">
    <subfield code="a">Peliparius, Franciscus</subfield>
    <subfield code="3">IT\ICCU\CNCT\004031</subfield>
    <subfield code="z">Pellipari, Giovanni Francesco</subfield>
  </datafield>
  <datafield tag="791" ind1="0" ind2="0">
    <subfield code="a">Peliparius, Ioannes Franciscus</subfield>
    <subfield code="3">IT\ICCU\CNCT\005344</subfield>
    <subfield code="z">Pellipari, Giovanni Francesco</subfield>
  </datafield>
  <datafield tag="801" ind1=" " ind2="3">
    <subfield code="a">IT</subfield>
    <subfield code="b">ICCU</subfield>
    <subfield code="c">20201114</subfield>
  </datafield>
  <datafield tag="899" ind1=" " ind2=" ">
    <subfield code="a">Biblioteca civica. Vercelli</subfield>
    <subfield code="1">VC0073</subfield>
    <subfield code="2">TO0 A2</subfield>
  </datafield>
</record>
</collection>
